@inproceedings{firstwork-foracks,
  author    = {Michael Leybovich and
               Oded Shmueli},
  editor    = {Bingsheng He and
               Berthold Reinwald and
               Yingjun Wu},
  title     = {{ML} Based Lineage in Databases},
  booktitle = {AIDB@VLDB 2020, 2nd International Workshop on Applied {AI} for Database
               Systems and Applications, Held with {VLDB} 2020, Monday, August 31,
               2020, Online Event / Tokyo, Japan},
  year      = {2020},
  url       = {https://drive.google.com/file/d/1q3ZFRSBYkhXPXaWxR9Eul6UVWDQPXOxO/view?usp=sharing},
  timestamp = {Sun, 27 Dec 2020 14:10:51 +0100},
  biburl    = {https://dblp.org/rec/conf/vldb/LeybovichS20.bib},
  bibsource = {dblp computer science bibliography, https://dblp.org}
}



@incollection{secondwork-foracks,
  author     = {Big Shot and Mish Talem},
  title      = {Efficient solutions of foliage-related problems},
  booktitle  = {Greenleaf algorithms},
  year       = {2011},
  pages      = {239--254},
  series     = {Computer Science and Agriculture},
  editor     = {Eddy Kramer},
  publisher  = {Addison-Wesley},
  volume     = {231},
}
